<record><leader>00000cas a2200000 a 4500</leader><controlfield tag="001">10818116</controlfield><controlfield tag="008">840607c19019999wauwr ne      0   a0eng d</controlfield><datafield ind1=" " ind2=" " tag="010"><subfield code="a">sn 88085070 </subfield></datafield><datafield ind1=" " ind2=" " tag="040"><subfield code="a">HGR</subfield><subfield code="b">eng</subfield><subfield code="c">HGR</subfield><subfield code="d">SLZ</subfield><subfield code="d">NSD</subfield><subfield code="d">OCLCQ</subfield><subfield code="d">OCLCF</subfield><subfield code="d">OCLCO</subfield></datafield><datafield ind1=" " ind2=" " tag="012"><subfield code="m">1</subfield></datafield><datafield ind1="1" ind2=" " tag="022"><subfield code="a">1062-2934</subfield><subfield code="l">1062-2934</subfield><subfield code="2">1</subfield></datafield><datafield ind1="1" ind2=" " tag="029"><subfield code="a">AU@</subfield><subfield code="b">000020499208</subfield></datafield><datafield ind1=" " ind2=" " tag="032"><subfield code="a">403000</subfield><subfield code="b">USPS</subfield></datafield><datafield ind1=" " ind2=" " tag="037"><subfield code="b">The Odessa Record, PO Box 458, Odessa, WA 99159</subfield></datafield><datafield ind1=" " ind2=" " tag="042"><subfield code="a">msc</subfield><subfield code="a">nsdp</subfield></datafield><datafield ind1=" " ind2=" " tag="043"><subfield code="a">n-us-wa</subfield></datafield><datafield ind1=" " ind2="4" tag="222"><subfield code="a">The Odessa record</subfield></datafield><datafield ind1="0" ind2="4" tag="245"><subfield code="a">The Odessa record.</subfield></datafield><datafield ind1=" " ind2=" " tag="260"><subfield code="a">Odessa, Wash. :</subfield><subfield code="b">M.F. Devlin,</subfield><subfield code="c">1901-</subfield></datafield><datafield ind1=" " ind2=" " tag="300"><subfield code="a">v. :</subfield><subfield code="b">ill. ;</subfield><subfield code="c">43-57 cm.</subfield></datafield><datafield ind1=" " ind2=" " tag="310"><subfield code="a">Weekly</subfield></datafield><datafield ind1="0" ind2=" " tag="362"><subfield code="a">Vol. 1, no. 1 (May 10, 1901)-</subfield></datafield><datafield ind1=" " ind2=" " tag="500"><subfield code="a">Publisher varies: D.E. Walter, &lt;Mar. 12, 1992-&gt;</subfield></datafield><datafield ind1=" " ind2="0" tag="651"><subfield code="a">Odessa (Wash.)</subfield><subfield code="v">Newspapers.</subfield></datafield><datafield ind1=" " ind2="7" tag="655"><subfield code="a">Newspapers.</subfield><subfield code="2">fast</subfield><subfield code="0">(OCoLC)fst01423814</subfield></datafield><datafield ind1=" " ind2="7" tag="651"><subfield code="a">Washington (State)</subfield><subfield code="z">Odessa.</subfield><subfield code="2">fast</subfield><subfield code="0">(OCoLC)fst01233039</subfield></datafield><datafield ind1=" " ind2=" " tag="752"><subfield code="a">United States</subfield><subfield code="b">Washington</subfield><subfield code="c">Lincoln</subfield><subfield code="d">Odessa.</subfield></datafield><datafield ind1=" " ind2=" " tag="936"><subfield code="a">91st yr., no. 11 (Mar. 12, 1992) LIC</subfield></datafield></record>